@book{lavalle2006planning,
  title={Planning Algorithms},
  author={LaValle, Steven M},
  year={2006},
  publisher={Cambridge univ. press}
}

@inproceedings{chen2005formation,
  title={Formation control: a review and a new consideration},
  author={Chen, Yang Quan and Wang, Zhongmin},
  booktitle={2005 IEEE/RSJ International Conference on Intelligent Robots and Systems},
  pages={3181--3186},
  year={2005},
  organization={IEEE}
}



@article{FANG2022110228,
	title = {Decentralized route-planning for multi-vehicle teams to satisfy a subclass of linear temporal logic specifications},
	journal = {Automatica},
	volume = {140},
	pages = {110228},
	year = {2022},
	author = {Jie Fang and Zetian Zhang and Raghvendra V. Cowlagi}}

@article{pan2007multi,
  title={A multi-agent based framework for the simulation of human and social behaviors during emergency evacuations},
  author={Pan, Xiaoshan and Han, Charles S and Dauber, Ken and Law, Kincho H},
  journal={AI \& Society},
  volume={22},
  number={2},
  pages={113--132},
  year={2007},
  publisher={Springer}
}

@article{li2009consensus,
  title={Consensus of multiagent systems and synchronization of complex networks: A unified viewpoint},
  author={Li, Zhongkui and Duan, Zhisheng and Chen, Guanrong and Huang, Lin},
  journal={IEEE Transactions on Circuits and Systems I: Regular Papers},
  volume={57},
  number={1},
  pages={213--224},
  year={2009},
  publisher={IEEE}
}

@book{mesbahi2010graph,
  title={Graph theoretic methods in multiagent networks},
  author={Mesbahi, Mehran and Egerstedt, Magnus},
  volume={33},
  year={2010},
  publisher={Princeton University Press}
}

@article{guo2016task,
  title={Task and motion coordination for heterogeneous multiagent systems with loosely coupled local tasks},
  author={Guo, Meng and Dimarogonas, Dimos V},
  journal={IEEE Transactions on Automation Science and Engineering},
  volume={14},
  number={2},
  pages={797--808},
  year={2016},
  publisher={IEEE}
}

@article{schillinger2018simultaneous,
  title={Simultaneous task allocation and planning for temporal logic goals in heterogeneous multi-robot systems},
  author={Schillinger, Philipp and B{\"u}rger, Mathias and Dimarogonas, Dimos V},
  journal={The International Journal of Robotics Research},
  volume={37},
  number={7},
  pages={818--838},
  year={2018},
  publisher={Sage Publications Sage UK: London, England}
}

@article{kantaros2020stylus,
  title={Stylus*: A temporal logic optimal control synthesis algorithm for large-scale multi-robot systems},
  author={Kantaros, Yiannis and Zavlanos, Michael M},
  journal={The International Journal of Robotics Research},
  volume={39},
  number={7},
  pages={812--836},
  year={2020},
  publisher={SAGE Publications Sage UK: London, England}
}

@article{luo2021abstraction,
  title={An abstraction-free method for multirobot temporal logic optimal control synthesis},
  author={Luo, Xusheng and Kantaros, Yiannis and Zavlanos, Michael M},
  journal={IEEE Transactions on Robotics},
  year={2021},
  publisher={IEEE}
}

@article{luo2021temporal,
  title={Temporal Logic Task Allocation in Heterogeneous Multi-Robot Systems},
  author={Luo, Xusheng and Zavlanos, Michael M},
  journal={IEEE Transactions on Robotics},
  year={2022},
  publisher={IEEE},
 volume={38},
  number={6},
  pages={3602-3621},
}

@book{baier2008principles,
  title={Principles of Model Checking},
  author={Baier, Christel and Katoen, Joost-Pieter},
  year={2008},
  publisher={MIT press}
}

@article{sahin2019multirobot,
  title={Multirobot coordination with counting temporal logics},
  author={Sahin, Yunus Emre and Nilsson, Petter and Ozay, Necmiye},
  journal={IEEE Transactions on Robotics},
  volume={36},
  number={4},
  pages={1189--1206},
  year={2019},
  publisher={IEEE}
}

@inproceedings{jones2019scratchs,
  title={ScRATCHS: Scalable and robust algorithms for task-based coordination from high-level specifications},
  author={Jones, Austin M and Leahy, Kevin and Vasile, Cristian and Sadraddini, Sadra and Serlin, Zachary and Tron, Roberto and Belta, Calin},
  booktitle={Proc. Int. Symp. Robot. Res.},
  pages={1--16},
  year={2019}
}

@book{ghallab2004automated,
  title={Automated Planning: theory and practice},
  author={Ghallab, Malik and Nau, Dana and Traverso, Paolo},
  year={2004},
  publisher={Elsevier}
}

@article{hochba1997approximation,
  title={Approximation algorithms for NP-hard problems},
  author={Hochba, Dorit S},
  journal={ACM Sigact News},
  volume={28},
  number={2},
  pages={40--52},
  year={1997},
  publisher={ACM New York, NY, USA}
}

@book{bovet1994introduction,
  title={Introduction to the Theory of Complexity},
  author={Bovet, Daniel Pierre and Crescenzi, Pierluigi and Bovet, D},
  volume={7},
  year={1994},
  publisher={Prentice Hall London}
}

@article{braysy2005vehicle,
  title={Vehicle routing problem with time windows, Part I: Route construction and local search algorithms},
  author={Br{\"a}ysy, Olli and Gendreau, Michel},
  journal={Transportation science},
  volume={39},
  number={1},
  pages={104--118},
  year={2005},
  publisher={INFORMS}
}

@inproceedings{labadie2014iterated,
  title={Iterated Local Search for a Vehicle Routing Problem with Synchronization Constraints.},
  author={Labadie, Nacima and Prins, Christian and Yang, Yanyan},
  booktitle={ICORES},
  pages={257--263},
  year={2014}
}

@article{sayadi2010discrete,
  title={A discrete firefly meta-heuristic with local search for makespan minimization in permutation flow shop scheduling problems},
  author={Sayadi, M and Ramezanian, Reza and Ghaffari-Nasab, Nader},
  journal={International Journal of Industrial Engineering Computations},
  volume={1},
  number={1},
  pages={1--10},
  year={2010}
}

@article{grabowski2005some,
  title={Some local search algorithms for no-wait flow-shop problem with makespan criterion},
  author={Grabowski, Jozef and Pempera, Jaros{\l}aw},
  journal={Computers \& Operations Research},
  volume={32},
  number={8},
  pages={2197--2212},
  year={2005},
  publisher={Elsevier}
}

@article{abdel2018hybrid,
  title={A hybrid whale optimization algorithm based on local search strategy for the permutation flow shop scheduling problem},
  author={Abdel-Basset, Mohamed and Manogaran, Gunasekaran and El-Shahat, Doaa and Mirjalili, Seyedali},
  journal={Future Generation Computer Systems},
  volume={85},
  pages={129--145},
  year={2018},
  publisher={Elsevier}
}

@article{vaessens1996job,
  title={Job shop scheduling by local search},
  author={Vaessens, Robert Johannes Maria and Aarts, Emile HL and Lenstra, Jan Karel},
  journal={Informs Journal on computing},
  volume={8},
  number={3},
  pages={302--317},
  year={1996},
  publisher={INFORMS}
}

@book{hoos2004stochastic,
  title={Stochastic Local Search: Foundations and Applications},
  author={Hoos, Holger H and St{\"u}tzle, Thomas},
  year={2004},
  publisher={Elsevier}
}

@article{funke2005local,
  title={Local search for vehicle routing and scheduling problems: Review and conceptual integration},
  author={Funke, Birger and Gr{\"u}nert, Tore and Irnich, Stefan},
  journal={Journal of heuristics},
  volume={11},
  number={4},
  pages={267--306},
  year={2005},
  publisher={Springer}
}

@article{toth2002overview,
  title={An overview of vehicle routing problems},
  author={Toth, Paolo and Vigo, Daniele},
  journal={The Vehicle Routing Problem},
  pages={1--26},
  year={2002},
  publisher={SIAM}
}

@inproceedings{varava2017herding,
  title={Herding by Caging: a Topological Approach towards Guiding Moving Agents via Mobile Robots.},
  author={Varava, Anastasiia and Hang, Kaiyu and Kragic, Danica and Pokorny, Florian T},
  booktitle={Robotics: Science and Systems},
  pages={696--700},
  year={2017}
}

@article{ramchurn2010decentralized,
  title={Decentralized coordination in robocup rescue},
  author={Ramchurn, Sarvapali D and Farinelli, Alessandro and Macarthur, Kathryn S and Jennings, Nicholas R},
  journal={The Computer Journal},
  volume={53},
  number={9},
  pages={1447--1461},
  year={2010},
  publisher={Oxford University Press}
}

@inproceedings{cliff2015online,
  title={Online localization of radio-tagged wildlife with an autonomous aerial robot system},
  author={Cliff, Oliver M and Fitch, Robert and Sukkarieh, Salah and Saunders, Debra L and Heinsohn, Robert},
  booktitle={Robotics: Science and Systems},
  year={2015}
}

@article{arai2002advances,
  title={Advances in multi-robot systems},
  author={Arai, Tamio and Pagello, Enrico and Parker, Lynne E and others},
  journal={IEEE Transactions on Robotics and Automation},
  volume={18},
  number={5},
  pages={655--661},
  year={2002},
  publisher={Citeseer}
}

@inproceedings{fink2008multi,
  title={Multi-robot manipulation via caging in environments with obstacles},
  author={Fink, Jonathan and Hsieh, M Ani and Kumar, Vijay},
  booktitle={2008 IEEE International Conference on Robotics and Automation},
  pages={1471--1476},
  year={2008},
  organization={IEEE}
}

@article{ulusoy2013optimality,
  title={Optimality and robustness in multi-robot path planning with temporal logic constraints},
  author={Ulusoy, Alphan and Smith, Stephen L and Ding, Xu Chu and Belta, Calin and Rus, Daniela},
  journal={The International Journal of Robotics Research},
  volume={32},
  number={8},
  pages={889--911},
  year={2013},
  publisher={SAGE Publications Sage UK: London, England}
}

@article{guo2018multirobot,
  title={Multirobot data gathering under buffer constraints and intermittent communication},
  author={Guo, Meng and Zavlanos, Michael M},
  journal={IEEE Transactions on Robotics},
  volume={34},
  number={4},
  pages={1082--1097},
  year={2018},
  publisher={IEEE}
}

@article{LAVAEI2022110617,
	title = {Automated verification and synthesis of stochastic hybrid systems: A survey},
	journal = {Automatica},
	volume = {146},
	pages = {110617},
	year = {2022},
	author = {Abolfazl Lavaei and Sadegh Soudjani and Alessandro Abate and Majid Zamani}
}

@article{marinakis2019multi,
  title={A multi-adaptive particle swarm optimization for vehcile routing problem with time windows},
  author={Marinakis, Yannis and Marinaki, Magdalene and Migdalas, Athanasios},
  journal={Information Sciences},
  volume={481},
  pages={311--329},
  year={2019},
  publisher={Elsevier}
}

@article{guo2015multi,
  title={Multi-agent plan reconfiguration under local LTL specifications},
  author={Guo, Meng and Dimarogonas, Dimos V},
  journal={The International Journal of Robotics Research},
  volume={34},
  number={2},
  pages={218--235},
  year={2015},
  publisher={SAGE Publications Sage UK: London, England}
}

@article{tumova2016multi,
  title={Multi-agent planning under local LTL specifications and event-based synchronization},
  author={Tumova, Jana and Dimarogonas, Dimos V},
  journal={Automatica},
  volume={70},
  pages={239--248},
  year={2016},
  publisher={Elsevier}
}

@article{torreno2017cooperative,
  title={Cooperative multi-agent planning: A survey},
  author={Torre{\~n}o, Alejandro and Onaindia, Eva and Komenda, Anton{\'\i}n and {\v{S}}tolba, Michal},
  journal={ACM Computing Surveys (CSUR)},
  volume={50},
  number={6},
  pages={1--32},
  year={2017},
  publisher={ACM New York, NY, USA}
}

@inproceedings{gini2017multi,
  title={Multi-robot allocation of tasks with temporal and ordering constraints},
  author={Gini, Maria},
  booktitle={AAAI Conference on Artificial Intelligence},
  year={2017}
}

@inproceedings{boerkoel2013distributed,
  title={Distributed algorithms for incrementally maintaining multiagent simple temporal networks},
  author={Boerkoel Jr, James C and Planken, L{\'e}on R and Wilcox, Ronald J and Shah, Julie A},
  booktitle={International Conference on Automated Planning and Scheduling},
  year={2013}
}

@article{luo2015distributed,
  title={Distributed algorithms for multirobot task assignment with task deadline constraints},
  author={Luo, Lingzhi and Chakraborty, Nilanjan and Sycara, Katia},
  journal={IEEE Transactions on Automation Science and Engineering},
  volume={12},
  number={3},
  pages={876--888},
  year={2015},
  publisher={IEEE}
}

@article{fukasawa2006robust,
  title={Robust branch-and-cut-and-price for the capacitated vehicle routing problem},
  author={Fukasawa, Ricardo and Longo, Humberto and Lysgaard, Jens and De Arag{\~a}o, Marcus Poggi and Reis, Marcelo and Uchoa, Eduardo and Werneck, Renato F},
  journal={Mathematical Programming},
  volume={106},
  number={3},
  pages={491--511},
  year={2006},
  publisher={Springer}
}

@article{khamis2015multi,
  title={Multi-robot task allocation: A review of the state-of-the-art},
  author={Khamis, Alaa and Hussein, Ahmed and Elmogy, Ahmed},
  journal={Cooperative Robots and Sensor Networks 2015},
  pages={31--51},
  year={2015},
  publisher={Springer}
}

@inproceedings{nunes2015multi,
  title={Multi-robot auctions for allocation of tasks with temporal constraints},
  author={Nunes, Ernesto and Gini, Maria},
  booktitle={Proceedings of the AAAI Conference on Artificial Intelligence},
  volume={29},
  number={1},
  year={2015}
}

@article{lahijanian2011temporal,
  title={Temporal logic motion planning and control with probabilistic satisfaction guarantees},
  author={Lahijanian, Morteza and Andersson, Sean B and Belta, Calin},
  journal={IEEE Transactions on Robotics},
  volume={28},
  number={2},
  pages={396--409},
  year={2011},
  publisher={IEEE}
}

@article{guo2018probabilistic,
  title={Probabilistic motion planning under temporal tasks and soft constraints},
  author={Guo, Meng and Zavlanos, Michael M},
  journal={IEEE Transactions on Automatic Control},
  volume={63},
  number={12},
  pages={4051--4066},
  year={2018},
  publisher={IEEE}
}

@article{chen2011formal,
  title={Formal approach to the deployment of distributed robotic teams},
  author={Chen, Yushan and Ding, Xu Chu and Stefanescu, Alin and Belta, Calin},
  journal={IEEE Transactions on Robotics},
  volume={28},
  number={1},
  pages={158--171},
  year={2011},
  publisher={IEEE}
}

@article{brucker1994branch,
  title={A branch and bound algorithm for the job-shop scheduling problem},
  author={Brucker, Peter and Jurisch, Bernd and Sievers, Bernd},
  journal={Discrete Applied Mathematics},
  volume={49},
  number={1-3},
  pages={107--127},
  year={1994},
  publisher={Elsevier}
}

@article{junger1995traveling,
  title={The Traveling Salesman Problem},
  author={J{\"u}nger, Michael and Reinelt, Gerhard and Rinaldi, Giovanni},
  journal={Handbooks in Operations Research and Management Science},
  volume={7},
  pages={225--330},
  year={1995},
  publisher={Elsevier}
}

@article{lawler1966branch,
  title={Branch-and-bound methods: A survey},
  author={Lawler, Eugene L and Wood, David E},
  journal={Operations Research},
  volume={14},
  number={4},
  pages={699--719},
  year={1966},
  publisher={INFORMS}
}

@article{morrison2016branch,
  title={Branch-and-bound algorithms: A survey of recent advances in searching, branching, and pruning},
  author={Morrison, David R and Jacobson, Sheldon H and Sauppe, Jason J and Sewell, Edward C},
  journal={Discrete Optimization},
  volume={19},
  pages={79--102},
  year={2016},
  publisher={Elsevier}
}

@inproceedings{gastin2001fast,
  title={Fast {LTL} to B{\"u}chi automata translation},
  author={Gastin, Paul and Oddoux, Denis},
  booktitle={Computer Aided Verification},
  pages={53--65},
  year={2001},
  organization={Springer},
howpublished={\url{http://www.lsv.ens-cachan.fr/~gastin/ltl2ba/}}
}

@article{simovici2008mathematical,
  title={Mathematical tools for data mining},
  author={Simovici, Dan A and Djeraba, Chabane},
  journal={SpringerVerlag, London},
  year={2008},
  publisher={Springer}
}

@book{sedgewick2001algorithms,
  title={Algorithms in C, part 5: graph algorithms},
  author={Sedgewick, Robert},
  year={2001},
  publisher={Pearson Education}
}
@inproceedings{lima2010ibm,
  title={IBM ilog cplex-what is inside of the box},
  author={Lima, Ricardo and Seminar, EWO},
  booktitle={Proc. 2010 EWO Seminar},
  pages={1--72},
  year={2010}
}
@article{makhorin2008glpk,
  title={GLPK (GNU linear programming kit)},
  author={Makhorin, Andrew},
  journal={http://www. gnu. org/s/glpk/glpk. html},
  year={2008}
}
